%  BEWARE:
%
%    *  If a name contains a capital letter, which must be kept such,
%       use curly brackets ({T}hailand, {HIV}).
%
%  ===========================================================================

@article{trainor2007importance,
  title     = {The importance of plasma protein binding in drug discovery},
  author    = {Trainor, George L},
  journal   = {Expert opinion on drug discovery},
  volume    = {2},
  number    = {1},
  pages     = {51--64},
  year      = {2007},
  publisher = {Taylor \& Francis}
}

@book{ballante2021protein,
  title     = {Protein-ligand interactions and drug design},
  author    = {Ballante, Flavio},
  year      = {2021},
  publisher = {Springer}
}

@book{mannhold2006protein,
  title     = {Protein-ligand interactions: from molecular recognition to drug design},
  author    = {Mannhold, Raimund and Kubinyi, Hugo and Folkers, Gerd},
  year      = {2006},
  publisher = {John Wiley \& Sons}
}

@article{le2009fpocket,
  title     = {Fpocket: an open source platform for ligand pocket detection},
  author    = {Le Guilloux, Vincent and Schmidtke, Peter and Tuffery, Pierre},
  journal   = {BMC bioinformatics},
  volume    = {10},
  pages     = {1--11},
  year      = {2009},
  publisher = {Springer}
}

@article{krivak2018p2rank,
  title     = {P2Rank: machine learning based tool for rapid and accurate prediction of ligand binding sites from protein structure},
  author    = {Kriv{\'a}k, Radoslav and Hoksza, David},
  journal   = {Journal of cheminformatics},
  volume    = {10},
  pages     = {1--12},
  year      = {2018},
  publisher = {Springer}
}

@article{aggarwal2021deeppocket,
  title     = {DeepPocket: ligand binding site detection and segmentation using 3D convolutional neural networks},
  author    = {Aggarwal, Rishal and Gupta, Akash and Chelur, Vineeth and Jawahar, CV and Priyakumar, U Deva},
  journal   = {Journal of Chemical Information and Modeling},
  volume    = {62},
  number    = {21},
  pages     = {5069--5079},
  year      = {2021},
  publisher = {ACS Publications}
}

@article{smith2024graph,
  title     = {Graph attention site prediction (GrASP): identifying druggable binding sites using graph neural networks with attention},
  author    = {Smith, Zachary and Strobel, Michael and Vani, Bodhi P and Tiwary, Pratyush},
  journal   = {Journal of chemical information and modeling},
  volume    = {64},
  number    = {7},
  pages     = {2637--2644},
  year      = {2024},
  publisher = {ACS Publications}
}

@article{vskrhak2025cryptobench,
  title     = {CryptoBench: cryptic protein--ligand binding sites dataset and benchmark},
  author    = {{\v{S}}krh{\'a}k, V{\'\i}t and Novotn{\'y}, Marian and Feidakis, Christos P and Kriv{\'a}k, Radoslav and Hoksza, David},
  journal   = {Bioinformatics},
  volume    = {41},
  number    = {1},
  pages     = {btae745},
  year      = {2025},
  publisher = {Oxford University Press}
}

@article{feidakis2022ahoj,
  title     = {AHoJ: rapid, tailored search and retrieval of apo and holo protein structures for user-defined ligands},
  author    = {Feidakis, Christos P and Krivak, Radoslav and Hoksza, David and Novotny, Marian},
  journal   = {Bioinformatics},
  volume    = {38},
  number    = {24},
  pages     = {5452--5453},
  year      = {2022},
  publisher = {Oxford University Press}
}

@article{lin2022language,
  title     = {Language models of protein sequences at the scale of evolution enable accurate structure prediction},
  author    = {Lin, Zeming and Akin, Halil and Rao, Roshan and Hie, Brian and Zhu, Zhongkai and Lu, Wenting and Smetanin, Nikita and dos Santos Costa, Allan and Fazel-Zarandi, Maryam and Sercu, Tom and Candido, Sal and others},
  journal   = {bioRxiv},
  year      = {2022},
  publisher = {Cold Spring Harbor Laboratory}
}

@article{sehnal2021mol,
  title     = {Mol* Viewer: modern web app for 3D visualization and analysis of large biomolecular structures},
  author    = {Sehnal, David and Bittrich, Sebastian and Deshpande, Mandar and Svobodov{\'a}, Radka and Berka, Karel and Bazgier, V{\'a}clav and Velankar, Sameer and Burley, Stephen K and Ko{\v{c}}a, Jaroslav and Rose, Alexander S},
  journal   = {Nucleic Acids Research},
  volume    = {49},
  number    = {W1},
  pages     = {W431--W437},
  year      = {2021},
  publisher = {Oxford University Press}
}